@conference{Heidari2021empirical,
  title={An Empirical Study of Machine learning Algorithms for Social Media Bot Detection},
  author={Maryam Heidari and James H Jr Jones and Ozlem Uzuner},
  booktitle={IEMTRONICS},
  year={2021},
  doi={10.1109/IEMTRONICS52119.2021.9422605},
  url={https://www.researchgate.net/publication/351596484}
}

@article{Hayawi2023social,
  title={Social media bot detection with deep learning methods: a systematic review},
  author={Kadhim Hayawi and Susmita Saha and Mohammad Mehedy Masud and Sujith Samuel Mathew and Mohammed Kaosar},
  journal={Neural Computing and Applications},
  year={2023},
  doi={10.1007/s00521-023-08352-z},
  url={https://doi.org/10.1007/s00521-023-08352-z}
}

@conference{Cai2017behavior,
  title={Behavior Enhanced Deep Bot Detection in Social Media},
  author={Chiyu Cai and Linjing Li and Daniel Zeng},
  booktitle={ISI},
  year={2017},
  doi={10.1109/ISI.2017.8004887},
  url={https://www.researchgate.net/publication/319054413}
}

@article{Hajli2021social,
  title={Social Bots and the Spread of Disinformation in Social Media: The Challenges of Artificial Intelligence},
  author={Nick Hajli and Usman Saeed and Mina Tajvidi and Farid Shirazi},
  journal={British Journal of Management},
  year={2021},
  doi={10.1111/1467-8551.12554},
  url={https://onlinelibrary.wiley.com/doi/10.1111/1467-8551.12554}
}

@inproceedings{Grimme2018changing,
  title={Changing Perspectives: Is It Sufficient to Detect Social Bots?},
  author={Christian Grimme and Dennis Assenmacher and Lena Adam},
  booktitle={SCSM},
  year={2018},
  doi={10.1007/978-3-319-91521-0_32},
  url={https://link.springer.com/chapter/10.1007/978-3-319-91521-0_32}
}

@article{Kenny2022duped,
  title={Duped by Bots: Why Some are Better than Others at Detecting Fake Social Media Personas},
  author={Ryan Kenny and Baruch Fischhoff and Alex Davis and Kathleen M. Carley and Casey Canfield},
  journal={Human Factors},
  year={2022},
  doi={10.1177/00187208211072642},
  url={https://journals.sagepub.com/doi/10.1177/00187208211072642}
}

@inproceedings{Akyon2019instagram,
  title={Instagram Fake and Automated Account Detection},
  author={Fatih Cagatay Akyon and Esat Kalfaoglu},
  booktitle={IEEE},
  year={2019},
  doi={10.1109/ICCVW.2019.00123},
  url={https://www.researchgate.net/publication/338364922_Instagram_Fake_and_Automated_Account_Detection}
}

@article{Orabi2020detection,
  title={Detection of Bots in Social Media: A Systematic Review},
  author={Mariam Orabi and Djedjiga Mouheb and Zaher Al Aghbari and Ibrahim Kamel},
  journal={Information Processing \& Management},
  year={2020},
  doi={10.1016/j.ipm.2020.102250},
  url={https://doi.org/10.1016/j.ipm.2020.102250}
}

@article{Adams2017ai,
  title={AI-Powered Social Bots},
  author={Terrence Adams},
  journal={arXiv},
  year={2017},
  url={https://arxiv.org/abs/1706.05143}
}

@article{Yang2023anatomy,
  title={Anatomy of an AI-powered malicious social botnet},
  author={Kai-Cheng Yang and Filippo Menczer},
  journal={arXiv},
  year={2023},
  url={https://arxiv.org/abs/2307.16336}
}

@article{Yu2024the,
  title={The Shadow of Fraud: The Emerging Danger of AI-powered Social Engineering and its Possible Cure},
  author={Jingru Yu and Yi Yu and Xuhong Wang and Yilun Lin and Manzhi Yang and Yu Qiao and Fei-Yue Wang},
  journal={arXiv},
  year={2024},
  url={https://arxiv.org/abs/2407.15912}
}

@article{Mbona2023classifying,
  title={Classifying social media bots as malicious or benign using semi-supervised machine learning},
  author={Innocent Mbona and Jan H.P. Eloff},
  journal={Journal of Cybersecurity},
  year={2023},
  doi={10.1093/cybsec/tyac015},
  url={https://doi.org/10.1093/cybsec/tyac015}
}

@article{Wei2020twitter,
  title={Twitter Bot Detection Using Bidirectional Long Short-term Memory Neural Networks and Word Embeddings},
  author={Feng Wei and Uyen Trang Nguyen},
  journal={arXiv},
  year={2020},
  url={https://arxiv.org/abs/2002.01336}
}

@article{Rauchfleisch2020the,
  title={The False positive problem of automatic bot detection in social science research},
  author={Adrian Rauchfleisch and Jonas Kaiser},
  journal={PLOS ONE},
  year={2020},
  doi={10.1371/journal.pone.0241045},
  url={https://doi.org/10.1371/journal.pone.0241045}
}

@article{Kudugunta2018deep,
  title={Deep Neural Networks for Bot Detection},
  author={Sneha Kudugunta and Emilio Ferrara},
  journal={arXiv},
  year={2018},
  url={https://arxiv.org/abs/1802.04289}
}

@article{ferrara2016rise,
  author  = {Ferrara, Emilio and Varol, Onur and Davis, Clayton and Menczer, Filippo and Flammini, Alessandro},
  title   = {The Rise of Social Bots},
  journal = {Communications of the ACM},
  year    = {2016},
  doi     = {10.1145/2818717},
  url={https://dl.acm.org/doi/abs/10.1145/2818717}
}

@inproceedings{cresci2017paradigm,
  author    = {Cresci, Stefano and Di Pietro, Roberto and Petrocchi, Marinella and Spognardi, Angelo and Tesconi, Maurizio},
  title     = {The Paradigm‐Shift of Social Spambots: Evidence, Theories, and Tools for the Arms Race},
  booktitle = {Proceedings of the 26th International Conference on World Wide Web Companion},
  year      = {2017},
  doi       = {10.1145/3041021.3055135},
  url={https://dl.acm.org/doi/abs/10.1145/3041021.3055135}
}
@inproceedings{varol2017online,
  author    = {Varol, Onur and Ferrara, Emilio and Davis, Clayton A. and Menczer, Filippo and Flammini, Alessandro},
  title     = {Online Human--Bot Interactions: Detection, Estimation, and Characterization},
  booktitle = {Proceedings of the 11th {AAAI} International Conference on Web and Social Media (ICWSM)},
  year      = {2017},
  url={https://ojs.aaai.org/index.php/ICWSM/article/view/14871}
}
@article{van2008visualizing,
  author  = {van~der Maaten, Laurens and Hinton, Geoffrey},
  title   = {Visualizing Data Using t‐SNE},
  journal = {Journal of Machine Learning Research},
  year    = {2008},
  url={https://www.jmlr.org/papers/volume9/vandermaaten08a/vandermaaten08a.pdf?fbcl}
}
